% file: references.bib
@book{krivine1998théorie,
  title={Th{\'e}orie des ensembles},
  author={Krivine, J.L.},
  isbn={9782842250140},
  series={Nouvelle biblioth{\`e}que math{\'e}matique},
  year={1998},
  publisher={Cassini}
}
@book{cori2003logique,
  title={Logique math{\'e}matique : cours et exercices corrig{\'e}s},
  author={Cori, R. and Lascar, D. and Krivine, J.L.},
  number={vol.~1},
  isbn={9782100054527},
  series={Licence . Master},
  year={2003},
  publisher={Dunod}
}
@book{DBLP:books/daglib/0067194,
  author       = {Kenneth Kunen},
  title        = {Set theory - an introduction to independence proofs},
  series       = {Studies in logic and the foundations of mathematics},
  volume       = {102},
  publisher    = {North-Holland},
  year         = {1983},
  isbn         = {978-0-444-86839-8},
  timestamp    = {Thu, 18 Jul 2019 17:10:46 +0200},
  biburl       = {https://dblp.org/rec/books/daglib/0067194.bib},
  bibsource    = {dblp computer science bibliography, https://dblp.org}
}
@book{cori1993logique,
  title={Logique math{\'e}matique: Fonctions r{\'e}cursives, th{\'e}or{\`e}me de G{\"o}del, th{\'e}orie des ensembles, th{\'e}orie des mod{\`e}les},
  author={Cori, R. and Lascar, D.},
  isbn={9782225840807},
  series={Axiomes (Paris)},
  url={https://books.google.fr/books?id=wN_uAAAAMAAJ},
  year={1993},
  publisher={Masson}
}
@book{raffalli:hal-00396917,
  TITLE = {{Introduction {\`a} la Logique, Th{\'e}orie de la d{\'e}monstration (2nd {\'e}dition)}},
  AUTHOR = {Raffalli, Christophe and David, Ren{\'e} and Nour, Karim},
  URL = {https://hal.science/hal-00396917},
  PUBLISHER = {{Dunod}},
  SERIES = {Sciences Sup},
  PAGES = {368},
  YEAR = {2004},
  HAL_ID = {hal-00396917},
  HAL_VERSION = {v1},
}
@book{bourbaki1971topologie,
  title={Topologie g{\'e}n{\'e}rale: Chapitres 1 {\`a} 4},
  author={Bourbaki, N.},
  number={vol.~1},
  series={El{\'e}ments de math{\'e}matique},
  url={https://books.google.fr/books?id=x3y3AQAACAAJ},
  year={1971},
  publisher={Diffusion C.C.L.S.}
}
@book{DBLP:books/daglib/0093287,
  author       = {Roberto M. Amadio and
                  Pierre{-}Louis Curien},
  title        = {Domains and lambda-calculi},
  series       = {Cambridge tracts in theoretical computer science},
  volume       = {46},
  publisher    = {Cambridge University Press},
  year         = {1998},
  isbn         = {978-0-521-62277-6},
  timestamp    = {Mon, 22 Jul 2019 16:40:55 +0200},
  biburl       = {https://dblp.org/rec/books/daglib/0093287.bib},
  bibsource    = {dblp computer science bibliography, https://dblp.org}
}
@article{f4995f83-4889-37da-940a-f0a9e09b91e6,
 ISSN = {00029947, 10886850},
 URL = {http://www.jstor.org/stable/1989664},
 author = {M. H. Stone},
 journal = {Transactions of the American Mathematical Society},
 number = {1},
 pages = {37--111},
 publisher = {American Mathematical Society},
 title = {The Theory of Representation for Boolean Algebras},
 urldate = {2024-07-03},
 volume = {40},
 year = {1936}
}
@book{bourbaki2007théorie,
  title={Th{\'e}orie des ensembles},
  author={Bourbaki, N.},
  isbn={9783540340355},
  series={Bourbaki, Nicolas},
  url={https://books.google.fr/books?id=VDGifaOQogcC},
  year={2007},
  publisher={Springer Berlin Heidelberg}
}
@book{hassan2021topologie,
  title={Topologie g{\'e}n{\'e}rale et espaces norm{\'e}s - 2e {\'e}d.: Cours et exercices corrig{\'e}s},
  author={Hassan, N.E.H.},
  isbn={9782100835362},
  url={https://books.google.fr/books?id=YTZKEAAAQBAJ},
  year={2021},
  publisher={Dunod}
}
@book{winskell1996formal,
  title={The Formal Semantics of Programming Languages: An Introduction},
  author={WINSKELL, G.},
  url={https://books.google.fr/books?id=YpIoygAACAAJ},
  year={1996},
  publisher={MIT Press}
}
@BOOK{JacobsCLTT, 
AUTHOR       = "B. Jacobs", 
TITLE        = "Categorical Logic and Type Theory",
PUBLISHER    = "North Holland", 
ADDRESS      = "Amsterdam", 
SERIES       = "Studies in Logic and the Foundations of Mathematics",
NUMBER       = "141",
YEAR         = "1999"
}
@book{belghiti2016clefs,
  title={Les clefs pour l'info},
  author={Belghiti, I. and Mansuy, R. and Vie, J.J.},
  isbn={9782916352657},
  series={Im-et-Ker},
  url={https://books.google.fr/books?id=-9EAMQAACAAJ},
  year={2016},
  publisher={Calvage \& Mounet}
}
